<record><leader>00000cas a22000007a 4500</leader><controlfield tag="001">11663122</controlfield><controlfield tag="008">850206d185718uuohuwr ne      0    0eng d</controlfield><datafield ind1=" " ind2=" " tag="010"><subfield code="a">sn 84028885 </subfield></datafield><datafield ind1=" " ind2=" " tag="040"><subfield code="a">NPY</subfield><subfield code="b">eng</subfield><subfield code="c">NPY</subfield><subfield code="d">ONP</subfield><subfield code="d">OCL</subfield><subfield code="d">OCLCQ</subfield><subfield code="d">OCLCO</subfield></datafield><datafield ind1=" " ind2=" " tag="042"><subfield code="a">msc</subfield></datafield><datafield ind1=" " ind2=" " tag="043"><subfield code="a">n-us-oh</subfield></datafield><datafield ind1="0" ind2="0" tag="245"><subfield code="a">Iron Valley times.</subfield></datafield><datafield ind1="3" ind2="0" tag="246"><subfield code="a">Valley times</subfield></datafield><datafield ind1=" " ind2=" " tag="260"><subfield code="a">Canal Dover, Ohio :</subfield><subfield code="b">V.P. Wilson,</subfield><subfield code="c">1857-</subfield></datafield><datafield ind1=" " ind2=" " tag="300"><subfield code="a">v.</subfield></datafield><datafield ind1=" " ind2=" " tag="310"><subfield code="a">Weekly</subfield></datafield><datafield ind1="1" ind2=" " tag="362"><subfield code="a">Vol. 1, no. 1 (Apr. 9, 1857)-</subfield></datafield><datafield ind1=" " ind2=" " tag="500"><subfield code="a">Published as: Valley times, &lt;Feb.&gt; 1860-June 1860.</subfield></datafield><datafield ind1=" " ind2=" " tag="500"><subfield code="a">"A weekly journal of agriculture, literature, arts and science, foreign and domestic news, etc."</subfield></datafield><datafield ind1=" " ind2="0" tag="651"><subfield code="a">Dover (Ohio)</subfield><subfield code="v">Newspapers.</subfield></datafield><datafield ind1=" " ind2="0" tag="651"><subfield code="a">Tuscarawas County (Ohio)</subfield><subfield code="v">Newspapers.</subfield></datafield><datafield ind1=" " ind2="0" tag="651"><subfield code="a">Canal Dover (Ohio)</subfield><subfield code="v">Newspapers.</subfield></datafield><datafield ind1=" " ind2=" " tag="752"><subfield code="a">United States</subfield><subfield code="b">Ohio</subfield><subfield code="c">Tuscarawas</subfield><subfield code="d">Dover.</subfield></datafield></record>